<?xml version="1.0" encoding="UTF-8"?><collection xmlns="http://www.loc.gov/MARC21/slim"><record><leader>00399nam--2200133-i-4500</leader><controlfield tag="001">000041838</controlfield><controlfield tag="002">20161230</controlfield><controlfield tag="005">20161230201043</controlfield><controlfield tag="008">060222s1000------------r-----000-0-eng-d</controlfield><datafield ind1=" " ind2=" " tag="080"><subfield code="a">66002</subfield></datafield><datafield ind1=" " ind2=" " tag="100"><subfield code="a">Slavin,D.O. Si Steiman,E.B</subfield></datafield><datafield ind1=" " ind2=" " tag="245"><subfield code="a">Metalele si aliajele folosite la constructia masinilor si aparatelor pentru industria chimica. calauza</subfield></datafield><datafield ind1=" " ind2=" " tag="260"><subfield code="a">Bucuresti, Idt, 1951. 339 P</subfield></datafield><datafield ind1=" " ind2=" " tag="852"><subfield code="a">26241</subfield></datafield></record></collection>